Noor, Kawsar, et al. "Deployment of a free-text analytics platform at a UK national health service research hospital: Cogstack at University College London Hospitals." JMIR Medical Informatics 10.8 (2022): e38122.

@article {cogstack-uclh,
author = {Noor, Kawsar and Roguski, Lukasz},
booktitle = {2023 IEEE 11th International Conference on Healthcare Informatics (ICHI)},
title = {Deployment of a Free-Text Analytics Platform at a UK National Health Service Research Hospital: CogStack at University College London Hospitals},
year = {2023},
volume = {},
issn = {},
pages = {544-549},
keywords = {deep learning;measurement;privacy;hospitals;tutorials;transformers;data models},
doi = {10.1109/ICHI57859.2023.00098},
publisher = {JMIR}
}

@article {10337202,
author = {Z. Kraljevic and A. Shek and J. Yeung and E. Sheldon and H. Shuaib and M. Al-Agil and X. Bai and K. Noor and A. D. Shah and R. Dobson and J. Teo},
booktitle = {2023 IEEE 11th International Conference on Healthcare Informatics (ICHI)},
title = {Validating Transformers for Redaction of Text from Electronic Health Records in Real-World Healthcare},
year = {2023},
volume = {},
issn = {},
pages = {544-549},
keywords = {deep learning;measurement;privacy;hospitals;tutorials;transformers;data models},
doi = {10.1109/ICHI57859.2023.00098},
publisher = {IEEE Computer Society},
address = {Los Alamitos, CA, USA},
month = {jun}
}

@misc{pinpoint,
  title = {{Pinpoint},
  howpublished = {\url{https://www.ms-pinpoint.com/}},
  note = {Accessed: 2024-04-01}
}